<records xmlns="http://www.openarchives.org/OAI/2.0/">
<record>
  <header>
    <identifier>oai:mst.rochester.edu:marcnormalization/132</identifier>
    <datestamp />
    <predecessors>
      <predecessor>oai:mst.rochester.edu:132</predecessor>
    </predecessors>
    <setSpec>MARCXML Bibliographic Records</setSpec>
    <status>active</status>
  </header>
  <metadata>
    <marc:record xmlns:marc="http://www.loc.gov/MARC21/slim" xmlns:xsi="http://www.w3.org/2001/XMLSchema-instance" xsi:schemaLocation="http://www.loc.gov/MARC21/slim http://www.loc.gov/standards/marcxml/schema/MARC21slim.xsd">
      <marc:leader>01630cam a22004574a 4500</marc:leader>
      <marc:controlfield tag="001">3848194</marc:controlfield>
      <marc:controlfield tag="005">20080721080325.0</marc:controlfield>
      <marc:controlfield tag="008">080711s2008    enkb     b    001 0beng</marc:controlfield>
      <marc:datafield tag="010" ind1=" " ind2=" ">
        <marc:subfield code="a">2007035102</marc:subfield>
      </marc:datafield>
      <marc:datafield tag="035" ind1=" " ind2=" ">
        <marc:subfield code="a">(OCoLC)171150763</marc:subfield>
      </marc:datafield>
      <marc:datafield tag="040" ind1=" " ind2=" ">
        <marc:subfield code="a">DLC</marc:subfield>
        <marc:subfield code="c">DLC</marc:subfield>
        <marc:subfield code="d">BTCTA</marc:subfield>
        <marc:subfield code="d">BAKER</marc:subfield>
        <marc:subfield code="d">UKM</marc:subfield>
        <marc:subfield code="d">YDXCP</marc:subfield>
        <marc:subfield code="d">BWKUK</marc:subfield>
        <marc:subfield code="d">OCLCG</marc:subfield>
      </marc:datafield>
      <marc:datafield tag="015" ind1=" " ind2=" ">
        <marc:subfield code="a">GBA785807</marc:subfield>
        <marc:subfield code="2">bnb</marc:subfield>
      </marc:datafield>
      <marc:datafield tag="016" ind1="7" ind2=" ">
        <marc:subfield code="a">014199404</marc:subfield>
        <marc:subfield code="2">Uk</marc:subfield>
      </marc:datafield>
      <marc:datafield tag="020" ind1=" " ind2=" ">
        <marc:subfield code="a">9780192806772</marc:subfield>
      </marc:datafield>
      <marc:datafield tag="020" ind1=" " ind2=" ">
        <marc:subfield code="a">0192806777</marc:subfield>
      </marc:datafield>
      <marc:datafield tag="024" ind1="7" ind2=" ">
        <marc:subfield code="a">99820880389</marc:subfield>
        <marc:subfield code="2">YBP</marc:subfield>
      </marc:datafield>
      <marc:datafield tag="029" ind1="1" ind2=" ">
        <marc:subfield code="a">AU@</marc:subfield>
        <marc:subfield code="b">000042196745</marc:subfield>
      </marc:datafield>
      <marc:datafield tag="041" ind1="1" ind2=" ">
        <marc:subfield code="a">eng</marc:subfield>
        <marc:subfield code="h">lat</marc:subfield>
      </marc:datafield>
      <marc:datafield tag="043" ind1=" " ind2=" ">
        <marc:subfield code="a">e-uk-en</marc:subfield>
      </marc:datafield>
      <marc:datafield tag="049" ind1=" " ind2=" ">
        <marc:subfield code="a">RRRR</marc:subfield>
      </marc:datafield>
      <marc:datafield tag="050" ind1="0" ind2="0">
        <marc:subfield code="a">BX4700.C567</marc:subfield>
        <marc:subfield code="b">L525 2008</marc:subfield>
      </marc:datafield>
      <marc:datafield tag="082" ind1="0" ind2="0">
        <marc:subfield code="a">271/.9</marc:subfield>
        <marc:subfield code="a">B</marc:subfield>
        <marc:subfield code="2">22</marc:subfield>
      </marc:datafield>
      <marc:datafield tag="245" ind1="0" ind2="4">
        <marc:subfield code="a">The life of Christina of Markyate /</marc:subfield>
        <marc:subfield code="c">translated by C.H. Talbot ; revised with an introduction and notes by Samuel Fanous and Henrietta Leyser.</marc:subfield>
      </marc:datafield>
      <marc:datafield tag="260" ind1=" " ind2=" ">
        <marc:subfield code="a">Oxford ;</marc:subfield>
        <marc:subfield code="a">New York :</marc:subfield>
        <marc:subfield code="b">Oxford University Press,</marc:subfield>
        <marc:subfield code="c">c2008.</marc:subfield>
      </marc:datafield>
      <marc:datafield tag="300" ind1=" " ind2=" ">
        <marc:subfield code="a">xxxi, 100 p. :</marc:subfield>
        <marc:subfield code="b">map ;</marc:subfield>
        <marc:subfield code="c">20 cm.</marc:subfield>
      </marc:datafield>
      <marc:datafield tag="490" ind1="1" ind2=" ">
        <marc:subfield code="a">Oxford world's classics</marc:subfield>
      </marc:datafield>
      <marc:datafield tag="504" ind1=" " ind2=" ">
        <marc:subfield code="a">Includes bibliographical references (p. 89-97) and index.</marc:subfield>
      </marc:datafield>
      <marc:datafield tag="546" ind1=" " ind2=" ">
        <marc:subfield code="a">Translated from the Latin.</marc:subfield>
      </marc:datafield>
      <marc:datafield tag="600" ind1="0" ind2="0">
        <marc:subfield code="a">Christina,</marc:subfield>
        <marc:subfield code="c">of Markyate, Saint,</marc:subfield>
        <marc:subfield code="d">b. ca. 1096.</marc:subfield>
      </marc:datafield>
      <marc:datafield tag="650" ind1=" " ind2="0">
        <marc:subfield code="a">Christian women saints</marc:subfield>
        <marc:subfield code="z">England</marc:subfield>
        <marc:subfield code="v">Biography.</marc:subfield>
      </marc:datafield>
      <marc:datafield tag="700" ind1="1" ind2=" ">
        <marc:subfield code="a">Fanous, Samuel,</marc:subfield>
        <marc:subfield code="d">1962-</marc:subfield>
      </marc:datafield>
      <marc:datafield tag="700" ind1="1" ind2=" ">
        <marc:subfield code="a">Leyser, Henrietta.</marc:subfield>
      </marc:datafield>
      <marc:datafield tag="830" ind1=" " ind2="0">
        <marc:subfield code="a">Oxford world's classics (Oxford University Press)</marc:subfield>
      </marc:datafield>
      <marc:datafield tag="938" ind1=" " ind2=" ">
        <marc:subfield code="a">Baker and Taylor</marc:subfield>
        <marc:subfield code="b">BTCP</marc:subfield>
        <marc:subfield code="n">BK0007434455</marc:subfield>
      </marc:datafield>
      <marc:datafield tag="938" ind1=" " ind2=" ">
        <marc:subfield code="a">Baker &amp; Taylor</marc:subfield>
        <marc:subfield code="b">BKTY</marc:subfield>
        <marc:subfield code="c">15.95</marc:subfield>
        <marc:subfield code="d">11.96</marc:subfield>
        <marc:subfield code="i">0192806777</marc:subfield>
        <marc:subfield code="n">0007434455</marc:subfield>
        <marc:subfield code="s">active</marc:subfield>
      </marc:datafield>
      <marc:datafield tag="938" ind1=" " ind2=" ">
        <marc:subfield code="a">YBP Library Services</marc:subfield>
        <marc:subfield code="b">YANK</marc:subfield>
        <marc:subfield code="n">2734818</marc:subfield>
      </marc:datafield>
      <marc:datafield tag="949" ind1=" " ind2=" ">
        <marc:subfield code="b">39087029421445</marc:subfield>
      </marc:datafield>
      <marc:datafield tag="980" ind1=" " ind2=" ">
        <marc:subfield code="a">2008-07-18</marc:subfield>
        <marc:subfield code="b">15.95</marc:subfield>
        <marc:subfield code="e">13.4</marc:subfield>
        <marc:subfield code="f">462697</marc:subfield>
        <marc:subfield code="g">1</marc:subfield>
      </marc:datafield>
      <marc:datafield tag="994" ind1=" " ind2=" ">
        <marc:subfield code="a">92</marc:subfield>
        <marc:subfield code="b">RRR</marc:subfield>
      </marc:datafield>
      <marc:datafield tag="931" ind1=" " ind2=" ">
        <marc:subfield code="a">Text</marc:subfield>
        <marc:subfield code="5">NRU</marc:subfield>
      </marc:datafield>
      <marc:datafield tag="932" ind1=" " ind2=" ">
        <marc:subfield code="a">Language material</marc:subfield>
        <marc:subfield code="5">NRU</marc:subfield>
      </marc:datafield>
      <marc:datafield tag="933" ind1=" " ind2=" ">
        <marc:subfield code="a">Text</marc:subfield>
        <marc:subfield code="5">NRU</marc:subfield>
      </marc:datafield>
      <marc:datafield tag="935" ind1=" " ind2=" ">
        <marc:subfield code="a">Monograph/Item</marc:subfield>
        <marc:subfield code="5">NRU</marc:subfield>
      </marc:datafield>
      <marc:datafield tag="937" ind1=" " ind2=" ">
        <marc:subfield code="a">Non-Fiction</marc:subfield>
        <marc:subfield code="5">NRU</marc:subfield>
      </marc:datafield>
      <marc:datafield tag="941" ind1=" " ind2=" ">
        <marc:subfield code="a">eng</marc:subfield>
        <marc:subfield code="5">NRU</marc:subfield>
      </marc:datafield>
      <marc:datafield tag="943" ind1=" " ind2=" ">
        <marc:subfield code="a">English</marc:subfield>
        <marc:subfield code="5">NRU</marc:subfield>
      </marc:datafield>
      <marc:datafield tag="947" ind1=" " ind2=" ">
        <marc:subfield code="a">9780192806772</marc:subfield>
        <marc:subfield code="5">NRU</marc:subfield>
      </marc:datafield>
      <marc:datafield tag="947" ind1=" " ind2=" ">
        <marc:subfield code="a">0192806777</marc:subfield>
        <marc:subfield code="5">NRU</marc:subfield>
      </marc:datafield>
      <marc:controlfield tag="003">NRU</marc:controlfield>
      <marc:datafield tag="035" ind1=" " ind2=" ">
        <marc:subfield code="a">(NRU)3848194</marc:subfield>
      </marc:datafield>
      <marc:datafield tag="130" ind1="0" ind2=" ">
        <marc:subfield code="a">Life of Christina of Markyate /</marc:subfield>
      </marc:datafield>
      <marc:datafield tag="965" ind1=" " ind2="0">
        <marc:subfield code="a">Christian women saints</marc:subfield>
        <marc:subfield code="5">NRU</marc:subfield>
      </marc:datafield>
      <marc:datafield tag="967" ind1=" " ind2="0">
        <marc:subfield code="z">England</marc:subfield>
        <marc:subfield code="5">NRU</marc:subfield>
      </marc:datafield>
      <marc:datafield tag="969" ind1=" " ind2="0">
        <marc:subfield code="v">Biography.</marc:subfield>
        <marc:subfield code="5">NRU</marc:subfield>
      </marc:datafield>
    </marc:record>
  </metadata>
</record>
</records>
